<?xml version="1.0" encoding="UTF-8"?><collection xmlns="http://www.loc.gov/MARC21/slim"><record><leader>00567nam--2200169-i-4500</leader><controlfield tag="001">000032371</controlfield><controlfield tag="002">20161230</controlfield><controlfield tag="005">20170118214529</controlfield><controlfield tag="008">060222s1000------------r-----000-0-eng-d</controlfield><datafield ind1=" " ind2=" " tag="040"><subfield code="a">IFIN-HH</subfield></datafield><datafield ind1=" " ind2=" " tag="080"><subfield code="a">661.87</subfield></datafield><datafield ind1="1" ind2=" " tag="100"><subfield code="a">Westbrook, J. H</subfield></datafield><datafield ind1="1" ind2="0" tag="245"><subfield code="a">Mechanical properties of intermetallic compounds</subfield><subfield code="b">A symposium held during the 115th meeting of the electrochemical society at Phyladelphia, May 3-7, 1959</subfield><subfield code="c">J.H. Westbrook (ed.)</subfield></datafield><datafield ind1=" " ind2=" " tag="260"><subfield code="a">New York</subfield><subfield code="b">John Wiley &amp; Sons, Inc</subfield><subfield code="c">1960</subfield></datafield><datafield ind1=" " ind2=" " tag="300"><subfield code="a">IX+435 p</subfield></datafield><datafield ind1=" " ind2=" " tag="852"><subfield code="a">15991</subfield><subfield code="c">539.2</subfield></datafield><datafield ind1=" " ind2=" " tag="CAT"><subfield code="a">SYS</subfield><subfield code="c">20170118</subfield><subfield code="h">214529</subfield></datafield></record></collection>